



@article{Brooks41,
	author = {Brooks, R. L. },
	title = {{On colouring the nodes of a network}},
	journal = {Mathematical Proceedings of the Cambridge Philosophical Society},
	volume = {37},
	issue = {2},
	pages = {194--197},
	year = {1941}
}

@book{BondyM08,
	author = {Bondy, J. and Murty, U. S. R.},
	title = {{Graph Theory}},
	series = {Graduate texts in mathematics},
	publisher = {Springer},
	volume = {4},
	address = {New York, London},
	url = {http://opac.inria.fr/record=b1123512},
	isbn = {978-1-8462-8969-9},
	note = {OHX},
	year = {2008}
}


@book{OnGeographical,
	
	author = {A. B. Kempe},
	title = {On the geographical problem of the four colors},
	publisher = {The Johns Hopkins University Press},
	volume = {2},
	year = {1879},
	address = {London}
}

@article{EveryFourPart1,
	
	author = {K. Appel and W. Haken},
	title = {Every planar map is four colorable. Part I. Discharging},
	journal = { Illinois J. Math. 21},
	year = {1977},
	pages = {429--490}
}

@article{EveryFourPart2,
	
	author = {K. Appel and W. Haken},
	title = {Every planar map is four colorable. Part II. Reducibility},
	journal = { Illinois J. Math. 21},
	year = {1977},
	pages = {491--567}
}


@book {AlgortimosHeuristicas,
author = {Ruy Eduardo Campello and Nelson Maculan},
title = {Algoritmos e heurísticas - Desenvolvimento e avaliação de performance},
year = {1994},
publisher = {Eduff},
volume = {1},
isbn = {85-228-0134-7}
}

@misc{FourColorTheorem,
	author = {Robin Thomas},
	title = {The Four Color Theorem},
	date = {13 de novembro de 1995},
	note = {Acessado em 14 de abril de 2020},
	month = {Novembro },
	year = {1995},
     howpublished = "\url{https://people.math.gatech.edu/~thomas/FC/fourcolor.html}"
}

@misc{ColoracaoEAplicacoes,
	author = {Atılio Gomes Luiz},
	title = {Coloracão de grafos e suas aplicacões},
	date = {13 de maio 2015},
	note = {Acessado em 14 de abril de 2020},
	month = {Maio },
	year = {2015},
	howpublished = "\url{https://www.ic.unicamp.br/~atilio/slidesWtisc.pdf}"
}


@book {MapColor,
	author = {P.J. Heawood},
	title = {Map colour theorem},
	year = {1890},
	publisher = {Quart. J. Pure Appl. Math},
	volume = {24},
}



